% --- BAB 1 --- %

@article{katz2023natural,
  title={Natural language processing in the legal domain},
  author={Katz, Daniel Martin and Hartung, Dirk and Gerlach, Lauritz and Jana, Abhik and Bommarito II, Michael J},
  journal={arXiv preprint arXiv:2302.12039},
  year={2023}}

@article{ansari2020identifying,
  title={Identifying semantically duplicate questions using data science approach: A quora case study},
  author={Ansari, Navedanjum and Sharma, Rajesh},
  journal={arXiv preprint arXiv:2004.11694},
  year={2020}}

@article{amin2020mengurai,
  title={Mengurai permasalahan peraturan perundang-undangan di indonesia},
  author={Amin, Rizal Irvan and Achmad, Achmad},
  journal={Res Publica},
  volume={4},
  number={2},
  pages={205--220},
  year={2020}}

@article{chang2020pre,
  title={Pre-training tasks for embedding-based large-scale retrieval},
  author={Chang, Wei-Cheng and Yu, Felix X and Chang, Yin-Wen and Yang, Yiming and Kumar, Sanjiv},
  journal={arXiv preprint arXiv:2002.03932},
  year={2020}}

@article{zhan2020learning,
  title={Learning to retrieve: How to train a dense retrieval model effectively and efficiently},
  author={Zhan, Jingtao and Mao, Jiaxin and Liu, Yiqun and Zhang, Min and Ma, Shaoping},
  journal={arXiv preprint arXiv:2010.10469},
  year={2020}}

@article{wang2020cold,
  title={Cold: Towards the next generation of pre-ranking system},
  author={Wang, Zhe and Zhao, Liqin and Jiang, Biye and Zhou, Guorui and Zhu, Xiaoqiang and Gai, Kun},
  journal={arXiv preprint arXiv:2007.16122},
  year={2020}}

@article{xu2022learning,
  title={Learning to Rank Rationales for Explainable Recommendation},
  author={Xu, Zhichao and Han, Yi and Yang, Tao and Tran, Anh and Ai, Qingyao},
  journal={arXiv preprint arXiv:2206.05368},
  year={2022}}

@article{burges2010ranknet,
  title={From ranknet to lambdarank to lambdamart: An overview},
  author={Burges, Christopher JC},
  journal={Learning},
  volume={11},
  number={23-581},
  pages={81},
  year={2010}}

@inproceedings{zhang2021learning,
  title={Learning to rank in the age of muppets: Effectiveness--efficiency tradeoffs in multi-stage ranking},
  author={Zhang, Yue and Hu, ChengCheng and Liu, Yuqi and Fang, Hui and Lin, Jimmy},
  booktitle={Proceedings of the Second Workshop on Simple and Efficient Natural Language Processing},
  pages={64--73},
  year={2021}}

@INPROCEEDINGS{712984,
  author={Montebello, M.},
  booktitle={Proceedings. String Processing and Information Retrieval: A South American Symposium (Cat. No.98EX207)}, 
  title={Information overload-an IR problem?}, 
  year={1998},
  volume={},
  number={},
  pages={65-74},
  doi={10.1109/SPIRE.1998.712984},
  ISSN={},
  month={Sep.},}

@article{sanderson2012history,
  title={The history of information retrieval research},
  author={Sanderson, Mark and Croft, W Bruce},
  journal={Proceedings of the IEEE},
  volume={100},
  number={Special Centennial Issue},
  pages={1444--1451},
  year={2012},
  publisher={IEEE}
}



% --- BAB 2 --- %
@book{schutze2008introduction,
  title={Introduction to information retrieval},
  author={Sch{\"u}tze, Hinrich and Manning, Christopher D and Raghavan, Prabhakar},
  volume={39},
  year={2008},
  publisher={Cambridge University Press Cambridge}}

@book{baeza1999modern,
  title={Modern information retrieval},
  author={Baeza-Yates, Ricardo and Ribeiro-Neto, Berthier and others},
  volume={463},
  number={1999},
  year={1999},
  publisher={ACM press New York}}

@ARTICLE{6182576,
  author={Sanderson, Mark and Croft, W. Bruce},
  journal={Proceedings of the IEEE}, 
  title={The History of Information Retrieval Research}, 
  year={2012},
  volume={100},
  number={Special Centennial Issue},
  pages={1444-1451},
  ISSN={1558-2256},
  month={May},}

// BM25 -> strong baseline untuk legal case retrieval
@article{DBLP:journals/corr/abs-2105-05686,
  author       = {Guilherme Moraes Rosa and
                  Ruan Chaves Rodrigues and
                  Roberto de Alencar Lotufo and
                  Rodrigo Frassetto Nogueira},
  title        = {Yes, {BM25} is a Strong Baseline for Legal Case Retrieval},
  journal      = {CoRR},
  volume       = {abs/2105.05686},
  year         = {2021},
  url          = {https://arxiv.org/abs/2105.05686},
  eprinttype    = {arXiv},
  eprint       = {2105.05686},
  timestamp    = {Mon, 20 Mar 2023 15:35:34 +0100},
  biburl       = {https://dblp.org/rec/journals/corr/abs-2105-05686.bib},
  bibsource    = {dblp computer science bibliography, https://dblp.org}}

@article{reddy2023inference,
  title={Inference-time Re-ranker Relevance Feedback for Neural Information Retrieval},
  author={Reddy, Revanth Gangi and Dasigi, Pradeep and Sultan, Md Arafat and Cohan, Arman and Sil, Avirup and Ji, Heng and Hajishirzi, Hannaneh},
  journal={arXiv preprint arXiv:2305.11744},
  year={2023}}

@article{Robertson2009ThePR,
  title={The Probabilistic Relevance Framework: BM25 and Beyond},
  author={Stephen E. Robertson and Hugo Zaragoza},
  journal={Found. Trends Inf. Retr.},
  year={2009},
  volume={3},
  pages={333-389},
  url={https://api.semanticscholar.org/CorpusID:207178704}}

@article{robertson1995okapi,
  title={Okapi at TREC-3},
  author={Robertson, Stephen E and Walker, Steve and Jones, Susan and Hancock-Beaulieu, Micheline M and Gatford, Mike and others},
  journal={Nist Special Publication Sp},
  volume={109},
  pages={109},
  year={1995},
  publisher={National Instiute of Standards \& Technology}}

@article{amati2002probabilistic,
  title={Probabilistic models of information retrieval based on measuring the divergence from randomness},
  author={Amati, Gianni and Van Rijsbergen, Cornelis Joost},
  journal={ACM Transactions on Information Systems (TOIS)},
  volume={20},
  number={4},
  pages={357--389},
  year={2002},
  publisher={ACM New York, NY, USA}}








% --- BAB 3 --- %
@inproceedings{goebel2023summary,
  title={Summary of the competition on legal information, extraction/entailment (COLIEE) 2023},
  author={Goebel, Randy and Kano, Yoshinobu and Kim, Mi-Young and Rabelo, Juliano and Satoh, Ken and Yoshioka, Masaharu},
  booktitle={Proceedings of the Nineteenth International Conference on Artificial Intelligence and Law},
  pages={472--480},
  year={2023}}

@article{beel2016paper,
  title={Paper recommender systems: a literature survey},
  author={Beel, Joeran and Gipp, Bela and Langer, Stefan and Breitinger, Corinna},
  journal={International Journal on Digital Libraries},
  volume={17},
  pages={305--338},
  year={2016},
  publisher={Springer}}

@article{devlin2018bert,
  title={Bert: Pre-training of deep bidirectional transformers for language understanding},
  author={Devlin, Jacob and Chang, Ming-Wei and Lee, Kenton and Toutanova, Kristina},
  journal={arXiv preprint arXiv:1810.04805},
  year={2018}}

@article{ni2021sentence,
  title={Sentence-t5: Scalable sentence encoders from pre-trained text-to-text models},
  author={Ni, Jianmo and Abrego, Gustavo Hernandez and Constant, Noah and Ma, Ji and Hall, Keith B and Cer, Daniel and Yang, Yinfei},
  journal={arXiv preprint arXiv:2108.08877},
  year={2021}}

@article{nguyen2024captain,
  title={Captain at coliee 2023: Efficient methods for legal information retrieval and entailment tasks},
  author={Nguyen, Chau and Nguyen, Phuong and Tran, Thanh and Nguyen, Dat and Trieu, An and Pham, Tin and Dang, Anh and Nguyen, Le-Minh},
  journal={arXiv preprint arXiv:2401.03551},
  year={2024}}

@inproceedings{wang2011cascade,
  title={A cascade ranking model for efficient ranked retrieval},
  author={Wang, Lidan and Lin, Jimmy and Metzler, Donald},
  booktitle={Proceedings of the 34th international ACM SIGIR conference on Research and development in Information Retrieval},
  pages={105--114},
  year={2011}}

@article{hambarde2023information,
  title={Information retrieval: recent advances and beyond},
  author={Hambarde, Kailash A and Proenca, Hugo},
  journal={IEEE Access},
  year={2023},
  publisher={IEEE}}

@INPROCEEDINGS{1223700,
  author={Bouchachia, A. and Mittermeir, R.},
  booktitle={Proceedings of the International Joint Conference on Neural Networks, 2003.}, 
  title={A neural cascade architecture for document retrieval}, 
  year={2003},
  volume={3},
  number={},
  pages={1915-1920 vol.3},
  keywords={Information retrieval;Fuzzy sets;Optical computing;Uncertainty;Fuzzy neural networks;Neural networks;Natural language processing;Computational intelligence;Intelligent agent;Competitive intelligence},
  doi={10.1109/IJCNN.2003.1223700}}


@Article{electronics8080832,
AUTHOR = {Carvalho, Diogo V. and Pereira, Eduardo M. and Cardoso, Jaime S.},
TITLE = {Machine Learning Interpretability: A Survey on Methods and Metrics},
JOURNAL = {Electronics},
VOLUME = {8},
YEAR = {2019},
NUMBER = {8},
ARTICLE-NUMBER = {832},
URL = {https://www.mdpi.com/2079-9292/8/8/832},
ISSN = {2079-9292},
DOI = {10.3390/electronics8080832}}

@article{rose2010automatic,
  title={Automatic keyword extraction from individual documents},
  author={Rose, Stuart and Engel, Dave and Cramer, Nick and Cowley, Wendy},
  journal={Text mining: applications and theory},
  pages={1--20},
  year={2010},
  publisher={Wiley Online Library}}

@inproceedings{wehnert2021legal,
  title={Legal norm retrieval with variations of the bert model combined with tf-idf vectorization},
  author={Wehnert, Sabine and Sudhi, Viju and Dureja, Shipra and Kutty, Libin and Shahania, Saijal and De Luca, Ernesto W},
  booktitle={Proceedings of the eighteenth international conference on artificial intelligence and law},
  pages={285--294},
  year={2021}}

@article{zhou2022problems,
  title={Problems with cosine as a measure of embedding similarity for high frequency words},
  author={Zhou, Kaitlyn and Ethayarajh, Kawin and Card, Dallas and Jurafsky, Dan},
  journal={arXiv preprint arXiv:2205.05092},
  year={2022}}

@article{vaswani2017attention,
  title={Attention is all you need},
  author={Vaswani, Ashish and Shazeer, Noam and Parmar, Niki and Uszkoreit, Jakob and Jones, Llion and Gomez, Aidan N and Kaiser, {\L}ukasz and Polosukhin, Illia},
  journal={Advances in neural information processing systems},
  volume={30},
  year={2017}}

@article{raffel2020exploring,
  title={Exploring the limits of transfer learning with a unified text-to-text transformer},
  author={Raffel, Colin and Shazeer, Noam and Roberts, Adam and Lee, Katherine and Narang, Sharan and Matena, Michael and Zhou, Yanqi and Li, Wei and Liu, Peter J},
  journal={Journal of machine learning research},
  volume={21},
  number={140},
  pages={1--67},
  year={2020}}






% --- REVISI PERTAMA --- %
@article{nguyen2024enhancing,
  title={Enhancing Legal Document Retrieval: A Multi-Phase Approach with Large Language Models},
  author={Nguyen, Hai-Long and Nguyen, Duc-Minh and Nguyen, Tan-Minh and Nguyen, Ha-Thanh and Vuong, Thi-Hai-Yen and Satoh, Ken},
  journal={arXiv preprint arXiv:2403.18093},
  year={2024}}

@article{kim2024legal,
  title={Legal Information Retrieval and Entailment Using Transformer-based Approaches},
  author={Kim, Mi-Young and Rabelo, Juliano and Babiker, Housam Khalifa Bashier and Rahman, Md Abed and Goebel, Randy},
  journal={The Review of Socionetwork Strategies},
  pages={1--21},
  year={2024},
  publisher={Springer}}